
@book{Haacke1999,
abstract = {This book provides a synoptic introduction to the key fundamental and operational principles of MRI for medical physicists, radiologists,biochemists, and students. It addresses basic NMR principles, basic imaging concepts, Fourier transform concepts and fundamental applications such as chemical shift imaging, rf pulse design, fast imaging, motion and flow, MR angiography, diffusion, sequence design, and coil concepts.},
author = {Haacke, E Mark and Brown, Robert W and Thompson, Michael R and Venkatesan, Ramesh},
booktitle = {Book},
chapter = {27. Introd},
doi = {10.1063/1.3554697},
editor = {Wiley, J and Sons},
isbn = {0471351288},
issn = {04735128},
pages = {914},
pmid = {4048420},
publisher = {Wiley-Liss},
title = {{Magnetic Resonance Imaging: Physical Principles and Sequence Design}},
url = {http://books.google.com/books?id=BnOvQgAACAAJ{\&}pgis=1},
volume = {1st},
year = {1999}
}






